% --------------------
% CAP 1
% --------------------

% Libro del CryptoSchool
@book{cryptoSchool,
    author = {Joachim von zur Gathen},
    title = {CryptoSchool},
    publisher = {Springer},
    year = {2016},
    note = {pages 13-56}
}

% Artículo de Diffie & Hellman (mención a su artículo en CryptoSchool)
@article{artDH,
    author = {Whitfield Diffie and Martin E. Hellman},
    title = {New Directions in Cryptography},
    journal = {IEEE Transactions on Information Theory},
    volume = {IT-22},
    number = {6},
    year = {Noviembre 1976}
}

% Artículo Lidl & Niederreiter (mención a su artículo en AES)
@article{artLidl,
    author = {Rudolf Lidl and Harald Niederreiter},
    title = {Finite Fields},
    journal = {Encyclopedia of Mathematics and its applications},
    year = {1983}
}

% Artículo MacWilliams & Sloane (mención a su libro en AES)
@misc{artMacSlo,
    author = {F. J. MacWilliams and N. J. A. Sloane},
    title = {The Theory of Error-Correcting Codes},
    howpublished = {\url{https://doi.org/10.1137/1022103}},
    note = {Recurso online. Accedido el 23/11/2023}
}

% --------------------
% CAP 2
% --------------------

% Página web Instituto Clay (explicación de los 7 problemas del milenio)
@misc{probMil,
    author = {Clay Maths Institute},
    title = {The Millennium Prize Problems},
    howpublished = {\url{https://www.claymath.org/millennium-problems/}},
    note = {Recurso online. Accedido el 23/11/2023}
}

% Página de Stanford Encyclopedia of Philosophy (def de teoría de la complejidad)
@InCollection{theoryComp,
	author       =	{Dean and Walter},
	title        =	{{Computational Complexity Theory}},
	booktitle    =	{The {Stanford} Encyclopedia of Philosophy},
	editor       =	{Edward N. Zalta},
	howpublished =	{\url{https://plato.stanford.edu/archives/fall2021/entries/computational-complexity/}},
	year         =	{2021},
	edition      =	{{F}all 2021},
	publisher    =	{Metaphysics Research Lab, Stanford University}
}

% Blog Universidad Carlos III (def Máquina Turing formal)
@misc{MTformal,
    author = {Automatas},
    title = {Teoría de Autómatas},
    howpublished = {\url{http://teoriaautomatas.blogspot.com/2012/02/turing.html}},
    note = {RAI 2012 Universidad Carlos III. Recurso online. Accedido el 23/11/2023}
}

% Página de Wolfram MathWorld (def de máquina de Turing)
@misc{MT,
    author = {Weisstein and Eric W},
    title = {Turing Machine},
    howpublished = {\url{https://mathworld.wolfram.com/TuringMachine.html}},
    note = {Recurso online. Accedido el 23/11/2023}
}

% Página de Wolfram MathWorld (def de maquina de Turing no determinista)
@misc{MTND,
    author = {Weisstein and Eric W},
    title = {Nondeterministic Turing Machine},
    howpublished = {\url{https://mathworld.wolfram.com/NondeterministicTuringMachine.html}},
    note = {Recurso online. Accedido el 23/11/2023}
}

% Página de Wolfram MathWorld (def problema NP)
@misc{probNP,
    author = {Weisstein and Eric W},
    title = {NP-Problem},
    howpublished = {\url{https://mathworld.wolfram.com/NP-Problem.html}},
    note = {Recurso online. Accedido el 23/11/2023}
}

% Página de Wolfram MathWorld (def problema P)
@misc{probP,
    author = {Weisstein and Eric W},
    title = {P-Problem},
    howpublished = {\url{https://mathworld.wolfram.com/P-Problem.html}},
    note = {Recurso online. Accedido el 23/11/2023}
}

% Artículo Jingguo (def problema de la mochila)
@article{defPM,
    author = {Jingguo Bi and Xianmeng Meng and Lidong Han},
    title = {Cryptanalysis of two knapsack public-key cryptosystems},
    journal = {IEEE Transactions on Information Theory},
    volume = {IT-34},
    number = {5},
    year = {Septiembre 1988}
}

% Artículo de Mark Stamp (ejemplo de mochila 0,1)
@misc{artMS,
    author = {Mark Stamp},
    title = {Lattice Reduction Attack on the Knapsack},
    note = {pages 1-2}
}

% --------------------
% CAP 3
% --------------------

% Artículo de Merkle-Hellman
@article{artMH,
    author = {Ralph C. Merkle and Martin E. Hellman},
    title = {Hiding Information and Signatures in Trapdoor Knapsacks},
    journal = {IEEE Transactions on Information Theory},
    volume = {IT-24},
    number = {5},
    year = {Septiembre 1978}
}

% Artículo de Odlyzko (def de supercreciente)
@article{artOd,
    author = {A. M. Odlyzko},
    title = {The Rise and Fall of Knapsack Cryptosystems},
    journal = {AT\&T Bell Laboratories Murray Hill, New Jersey 07974},
    year = {1998},
    pages = {3-4}
}

% Artículo Tiwari (def de hash)
@article{artTiwari,
    author = {Harshvardhan Tiwari and Krishna Asawa},
    title = {Cryptographic Hash Function: An Elevated View},
    journal = {European Journal of Scientific Research},
    year = {2010},
    volume = {43},
    number = {4},
    pages = {452-453}
}

% FAQ RSA Laboratories (def de hash)
@book{RSALab,
    author = {RSA Laboratories},
    title = {RSA Laboratories' Frequently Asked Questions About Today's Cryptography, Version 4.1},
    publisher = {RSA Security Inc.},
    year = {Mayo 2000},
    note = {pages 34-35}
}

% Libro Helen (def cifrado por sustitución)
@book{libHelen,
    author = {Helen Fouché Gaines},
    title = {Cryptanalysis a Study of Ciphers and their Solution},
    publisher = {Dover Publications, INC. New York},
    year = {1956},
    note = {pages 68-69}
}

% --------------------
% CAP 4
% --------------------

% Artículo de Shamir
@article{artSha,
    author = {Adi Shamir},
    title = {A Polynomial-Time Algorithm for Breaking the Basic Merkle-Hellman Cryptosystem},
    journal = {IEEE Transactions on Information Theory},
    volume = {IT-30},
    number = {5},
    year = {Septiembre 1984}
}

% --------------------
% CAP 5
% --------------------

% Artículo de Lagarias y Odlyzko
@article{artLagOdl,
    author = {J. C. Lagarias and A. M. Odlyzko},
    title = {Solving Low-Density Subset Sum Problems},
    journal = {Journal of the Association for Computing Machinery},
    volume = {32}, 
    number = {1},
    year = {Enero 1985}
}

% Artículo LLL
@article{artLLL,
    author = {K. Lenstra, A. and W. Lenstra Jr, H. and Lovász, L.},
    title = {Factoring Polynomials with Rational Coefficients},
    journal = {Mathematische Annalen},
    year = {Julio 1982}
}

% Artículo Coster
@article{artCoster,
    author = {Matthijs J. Coster et al},
    title = {Improved Low-Density Subset Sum Algorithms},
    journal = {Comput Complexity 2},
    year = {1992}
}

% TFG Lagarias
@article{tfgLag,
    author = {Patricia de Armas González},
    title = {El algoritmo LLL},
    journal = {La Laguna},
    year = {Julio 2016}
}

% --------------------
% CAP 6
% --------------------

% Artículo Chor-Rivest
@article{artChorRivest,
    author = {Benny Chor and Ronald L. Rivest},
    title = {A Knapsack-Type Public Key Cryptosystem Based on Arithmetic in Finite Fields},
    journal = {IEEE Transactions on Information Theory},
    volume = {34},
    number = {5},
    year = {Septiembre 1988}
}

% Artículo Chor-Rivest quantum
@article{artQuanChorRivest,
    author = {Durán Díaz, Raul and Hernández-Álvarez, Luis and Hernández Encinas, Luis and Queiruga-Dios, Araceli},
    title = {Chor-Rivest Knapsack Cryptosystem in a Post-quantum World},
    journal = {Springer Nature Switzerland},
    year = {Agosto 2021}
}

% Artículo de Bose-Chowla (mención a su artículo en Chor-Rivest)
@article{artBoseChowla,
    author = {Bose, R.C. and Chowla, S.},
    title = {Theorems in the Additive Theory of Numbers},
    journal = {Commentarii Mathematici Helvetici},
    year = {1962}
}

% Artículo de Vaudenay (mención a su artículo en Chor-Rivest Quantum)
@article{artVaudenay,
    author = {Serge Vaudenay},
    title = {Cryptanalysis of the Chor-Rivest Cryptosystem},
    journal = {Springer},
    year = {1998},
    note = {Advances in Cryptology CRYPTO'98. pages 243-256}
}

% Artículo de Pohlig-Hellman (mención a su artículo en Chor-Rivest)
@article{artPohligHellman,
    author = {Stephen C. Pohlig and Martin E. Hellman},
    title = {An improved algorithm for computing logarithms over GF(p) and its cryptographic significance}, 
    year = {Enero 1978},
    journal = {IEEE Transactions on Information Theory}, 
    volume = {24},
    number = {1},
    pages = {106-110}
}

% Ataque de Brickell por fuerza bruta (mención a su ataque en Chor-Rivest Quantum)
@article{atBrickell,
    author = {Ernest F. Brickell},
    title = {Solving Low Density Knapsacks},
    journal = {Springer},
    year = {1984},
    note = {Proceedings of Crypto ’83 (Plenum Press, New York, 1984). pages 243-256}
}

% Ataque de Schnorr y Horner (mención a su ataque en Chor-Rivest Quantum)
@article{atSchnorrHorner,
    author = {C. P. Schnorr and H. H. Hörner},
    title = {Attacking the Chor-Rivest Cryptosystem by Improved Lattice Reduction},
    journal = {Springer},
    year = {1995},
    note = {International Conference on the Theory and Applications of Cryptographic Techniques (Springer, New York, 1995), pages 1–12}
}
